<?xml version="1.0" encoding="UTF-8"?><collection xmlns="http://www.loc.gov/MARC21/slim"><record><leader>00627nam--2200193-u-4500</leader><controlfield tag="001">000056636</controlfield><controlfield tag="002">20161230</controlfield><controlfield tag="005">20161230201052</controlfield><controlfield tag="008">160404s1000------------r-----000-0-eng-d</controlfield><datafield ind1=" " ind2=" " tag="040"><subfield code="a">IFIN-HH</subfield></datafield><datafield ind1=" " ind2=" " tag="080"><subfield code="a">538.9:546.3</subfield></datafield><datafield ind1="1" ind2=" " tag="100"><subfield code="a">Fromm, E</subfield></datafield><datafield ind1="1" ind2="0" tag="245"><subfield code="a">ZAED GASES AND CARBON IN METALS. (THERMODYNAMICS, KINETICS AND PROPERTIES). PT XIII. FERROUS METALS (1) IRON-HYDROGEN (Fe-H)</subfield><subfield code="c">E. fromm, h. speck, h. jehn, g. horz</subfield></datafield><datafield ind1=" " ind2=" " tag="260"><subfield code="a">Karlsruhe</subfield><subfield code="b">Fachinformationszentrum</subfield><subfield code="c">1981</subfield></datafield><datafield ind1=" " ind2=" " tag="300"><subfield code="a">104P</subfield></datafield><datafield ind1=" " ind2=" " tag="490"><subfield code="a">Physik Daten Physics Data 5-13 1981</subfield></datafield><datafield ind1="1" ind2=" " tag="700"><subfield code="a">Horz, G</subfield></datafield><datafield ind1=" " ind2=" " tag="852"><subfield code="a">47445</subfield><subfield code="c">53.081</subfield></datafield><datafield ind1=" " ind2=" " tag="CAT"><subfield code="a">Sys</subfield><subfield code="c">20160404</subfield><subfield code="h">115014</subfield></datafield></record></collection>